@article{merouche2016robotic,
    title = {{A robotic ultrasound scanner for automatic vessel tracking and three-dimensional reconstruction of b-mode images}},
    year = {2016},
    journal = {IEEE Transactions on Ultrasonics, Ferroelectrics, and Frequency Control},
    author = {Merouche, Samir and Allard, Louise and Montagnon, Emmanuel and Soulez, Gilles and Bigras, Pascal and Cloutier, Guy},
    number = {1},
    month = {1},
    pages = {35--46},
    volume = {63},
    publisher = {Institute of Electrical and Electronics Engineers Inc.},
    doi = {10.1109/TUFFC.2015.2499084},
    issn = {08853010},
    pmid = {26571522},
    keywords = {Image reconstruction, Medical robotics, Robotics and automation, Ultrasonic imaging, Ultrasonography}
}

@article{ma2022asee,
    title = {{A-SEE: Active-Sensing End-Effector Enabled Probe Self-Normal-Positioning for Robotic Ultrasound Imaging Applications}},
    year = {2022},
    journal = {IEEE Robotics and Automation Letters},
    author = {Ma, Xihan and Kuo, Wen Yi and Yang, Kehan and Rahaman, Ashiqur and Zhang, Haichong K.},
    number = {4},
    month = {10},
    pages = {12475--12482},
    volume = {7},
    publisher = {Institute of Electrical and Electronics Engineers Inc.},
    doi = {10.1109/LRA.2022.3218183},
    issn = {23773766},
    keywords = {Medical robots and systems, robotics and automation in life sciences, sensor-based control}
}

@article{li2021overview,
    title = {{An Overview of Systems and Techniques for Autonomous Robotic Ultrasound Acquisitions}},
    year = {2021},
    journal = {IEEE Transactions on Medical Robotics and Bionics},
    author = {Li, Keyu and Xu, Yangxin and Meng, Max Q.H.},
    number = {2},
    month = {5},
    pages = {510--524},
    volume = {3},
    publisher = {Institute of Electrical and Electronics Engineers Inc.},
    doi = {10.1109/TMRB.2021.3072190},
    issn = {25763202},
    keywords = {Medical robotics, robotic system and software, robotic ultrasound, ultrasound imaging}
}

@article{mathiassen2016ultrasound,
    title = {{An ultrasound robotic system using the commercial robot UR5}},
    year = {2016},
    journal = {Frontiers Robotics AI},
    author = {Mathiassen, Kim and Fjellin, Jørgen Enger and Glette, Kyrre and Hol, Per Kristian and Elle, Ole Jakob},
    number = {FEB},
    month = {2},
    pages = {168139},
    volume = {3},
    publisher = {Frontiers Media S.A.},
    doi = {10.3389/FROBT.2016.00001/BIBTEX},
    issn = {22969144},
    keywords = {Compliance control, Forward flow haptic control, Medical ultrasound robot, Robotic ultrasound system, Tele-echography}
}

@article{jiang2021automatic,
    title = {{Automatic Force-Based Probe Positioning for Precise Robotic Ultrasound Acquisition}},
    year = {2021},
    journal = {IEEE Transactions on Industrial Electronics},
    author = {Jiang, Zhongliang and Grimm, Matthias and Zhou, Mingchuan and Hu, Ying and Esteban, Javier and Navab, Nassir},
    number = {11},
    month = {11},
    pages = {11200--11211},
    volume = {68},
    publisher = {Institute of Electrical and Electronics Engineers Inc.},
    doi = {10.1109/TIE.2020.3036215},
    issn = {15579948},
    keywords = {Medical robotics, normal direction detection, parameters optimization, robotic ultrasound (US)}
}

@article{virga2016automatic,
    title = {{Automatic force-compliant robotic Ultrasound screening of abdominal aortic aneurysms}},
    year = {2016},
    journal = {IEEE International Conference on Intelligent Robots and Systems},
    author = {Virga, Salvatore and Zettinig, Oliver and Esposito, Marco and Pfister, Karin and Frisch, Benjamin and Neff, Thomas and Navab, Nassir and Hennersperger, Christoph},
    month = {11},
    pages = {508--513},
    volume = {2016-November},
    publisher = {Institute of Electrical and Electronics Engineers Inc.},
    isbn = {9781509037629},
    doi = {10.1109/IROS.2016.7759101},
    issn = {21530866}
}

@article{tan2022automatic,
    title = {{Automatic Generation of Autonomous Ultrasound Scanning Trajectory Based on 3-D Point Cloud}},
    year = {2022},
    journal = {IEEE Transactions on Medical Robotics and Bionics},
    author = {Tan, Jiyong and Li, Yuanwei and Li, Bing and Leng, Yuquan and Peng, Junhua and Wu, Jiayi and Luo, Baoming and Chen, Xinxing and Rong, Yiming and Fu, Chenglong},
    number = {4},
    month = {11},
    pages = {976--990},
    volume = {4},
    publisher = {Institute of Electrical and Electronics Engineers Inc.},
    doi = {10.1109/TMRB.2022.3214493},
    issn = {25763202},
    keywords = {Automatic, point cloud, repeatability, trajectory generation, ultrasound scanning}
}

@article{zhan2020autonomous,
    title = {{Autonomous Tissue Scanning under Free-Form Motion for Intraoperative Tissue Characterisation}},
    year = {2020},
    journal = {Proceedings - IEEE International Conference on Robotics and Automation},
    author = {Zhan, Jian and Cartucho, Joao and Giannarou, Stamatia},
    month = {5},
    pages = {11147--11154},
    publisher = {Institute of Electrical and Electronics Engineers Inc.},
    isbn = {9781728173955},
    doi = {10.1109/ICRA40945.2020.9197294},
    issn = {10504729},
    arxivId = {2005.05050}
}

@techreport{who2022consolidated,
    title = {{Consolidated telemedicine implementation guide}},
    year = {2022},
    author = {{Digital Health and Innovation}},
    url = {https://www.who.int/publications/i/item/9789240059184},
    institution = {World Health Organization},
    isbn = {978 92 4 005918 4}
}

@article{ulrich2012haptic,
    title = {{Haptic palpation for medical simulation in virtual environments}},
    year = {2012},
    journal = {IEEE Transactions on Visualization and Computer Graphics},
    author = {Ullrich, Sebastian and Kuhlen, Torsten},
    number = {4},
    pages = {617--625},
    volume = {18},
    doi = {10.1109/TVCG.2012.46},
    issn = {10772626},
    pmid = {22402689},
    keywords = {Medicine, haptics, physically-based simulation, user studies}
}

@article{coles2011integrating,
    title = {{Integrating haptics with augmented reality in a femoral palpation and needle insertion training simulation}},
    year = {2011},
    journal = {IEEE Transactions on Haptics},
    author = {Coles, Timothy R. and John, Nigel W. and Gould, Derek and Caldwell, Darwin G.},
    number = {3},
    pages = {199--209},
    volume = {4},
    doi = {10.1109/TOH.2011.32},
    issn = {19391412},
    keywords = {Haptics, augmented reality, force feedback, graphic rendering, medical simulation, tactile display, virtual reality}
}

@techreport{eu2018market,
    title = {{Market study on telemedicine}},
    year = {2018},
    author = {{European Reference Networks and Digital Health}},
    url = {http://europa.eu},
    institution = {European Commission},
    address = {}
}

@article{vonhaxthausen2021medical,
    title = {{Medical Robotics for Ultrasound Imaging: Current Systems and Future Trends}},
    year = {2021},
    journal = {Current Robotics Reports 2021 2:1},
    author = {von Haxthausen, Felix and B{\"{o}}ttger, Sven and Wulff, Daniel and Hagenah, Jannis and Garc{\'{i}}a-V{\'{a}}zquez, Verónica and Ipsen, Svenja},
    number = {1},
    month = {2},
    pages = {55--71},
    volume = {2},
    publisher = {Springer},
    url = {https://link.springer.com/article/10.1007/s43154-020-00037-y},
    doi = {10.1007/S43154-020-00037-Y},
    issn = {2662-4087},
    keywords = {Computer Appl. in Social and Behavioral Sciences, Control, Mechatronics, Occupational Medicine/Industrial Medicine, Robotics, Robotics and Automation, Surgical Orthopedics}
}

@article{avgousti2016medical,
    title = {{Medical telerobotic systems: current status and future trends}},
    year = {2016},
    journal = {BioMedical Engineering OnLine 2016 15:1},
    author = {Avgousti, Sotiris and Christoforou, Eftychios G. and Panayides, Andreas S. and Voskarides, Sotos and Novales, Cyril and Nouaille, Laurence and Pattichis, Constantinos S. and Vieyres, Pierre},
    number = {1},
    month = {8},
    pages = {1--44},
    volume = {15},
    publisher = {BioMed Central},
    url = {https://biomedical-engineering-online.biomedcentral.com/articles/10.1186/s12938-016-0217-7},
    doi = {10.1186/S12938-016-0217-7},
    issn = {1475-925X},
    pmid = {27520552},
    keywords = {Biomaterials, Biomedical Engineering and Bioengineering, Biomedical Engineering/Biotechnology, Biotechnology, Telemedicine, Teleoperation, Telepresence, Telerobotics}
}

@article{demi2023new,
    title = {{New International Guidelines and Consensus on the Use of Lung Ultrasound}},
    year = {2023},
    journal = {Journal of Ultrasound in Medicine},
    author = {Demi, Libertario and Wolfram, Frank and Klersy, Catherine and Silvestri, Annalisa De and Ferretti, Virginia Valeria and Muller, Marie and Miller, Douglas and Feletti, Francesco and We{\l}nicki, Marcin and Buda, Natalia and Skoczylas, Agnieszka and Pomiecko, Andrzej and Damjanovic, Domagoj and Olszewski, Robert and Kirkpatrick, Andrew W. and Breitkreutz, Raoul and Mathis, Gebhart and Soldati, Gino and Smargiassi, Andrea and Inchingolo, Riccardo and Perrone, Tiziano},
    number = {2},
    month = {2},
    pages = {309--344},
    volume = {42},
    publisher = {John Wiley {\&} Sons, Ltd},
    url = {https://onlinelibrary.wiley.com/doi/full/10.1002/jum.16088 https://onlinelibrary.wiley.com/doi/abs/10.1002/jum.16088 https://onlinelibrary.wiley.com/doi/10.1002/jum.16088},
    doi = {10.1002/JUM.16088},
    issn = {1550-9613},
    keywords = {19, 2, A, B, COVID, CoV, LUS safety assurance, SARS, artificial intelligence, lines, lung ultrasound, lung ultrasound protocols, lung ultrasound standardization, point of care ultrasound, post, quantitative ultrasound, sonographic interstitial syndrome, vertical artifacts}
}

@article{ferro2021online,
    title = {{Online Needle-Tissue Interaction Model Identification for Force Feedback Enhancement in Robot-Assisted Interventional Procedures}},
    year = {2021},
    journal = {IEEE Transactions on Medical Robotics and Bionics},
    author = {Ferro, Marco and Gaz, Claudio and Anzidei, Michele and Vendittelli, Marilena},
    number = {4},
    month = {11},
    pages = {936--947},
    volume = {3},
    publisher = {Institute of Electrical and Electronics Engineers Inc.},
    doi = {10.1109/TMRB.2021.3118304},
    issn = {25763202},
    keywords = {3D surgical simulator, Needle insertion procedures, force enhancement, needle-tissue interaction estimation}
}

@article{soldati2020proposal,
    title = {{Proposal for International Standardization of the Use of Lung Ultrasound for Patients With COVID-19}},
    year = {2020},
    journal = {Journal of Ultrasound in Medicine},
    author = {Soldati, Gino and Smargiassi, Andrea and Inchingolo, Riccardo and Buonsenso, Danilo and Perrone, Tiziano and Briganti, Domenica Federica and Perlini, Stefano and Torri, Elena and Mariani, Alberto and Mossolani, Elisa Eleonora and Tursi, Francesco and Mento, Federico and Demi, Libertario},
    number = {7},
    month = {7},
    pages = {1413--1419},
    volume = {39},
    publisher = {John Wiley {\&} Sons, Ltd},
    url = {https://onlinelibrary.wiley.com/doi/full/10.1002/jum.15285 https://onlinelibrary.wiley.com/doi/abs/10.1002/jum.15285 https://onlinelibrary.wiley.com/doi/10.1002/jum.15285},
    doi = {10.1002/JUM.15285},
    issn = {1550-9613},
    pmid = {32227492},
    keywords = {19, COVID, care ultrasound, lung ultrasound, of, point, scoring system}
}

@article{tsumura2020robotic,
    title = {{Robotic fetal ultrasonography platform with a passive scan mechanism}},
    year = {2020},
    journal = {International Journal of Computer Assisted Radiology and Surgery},
    author = {Tsumura, Ryosuke and Iwata, Hiroyasu},
    number = {8},
    month = {8},
    pages = {1323--1333},
    volume = {15},
    publisher = {Springer},
    url = {https://link.springer.com/article/10.1007/s11548-020-02130-1},
    doi = {10.1007/S11548-020-02130-1/FIGURES/9},
    issn = {18616429},
    pmid = {32107746},
    keywords = {Fetal ultrasonography, Robotic ultrasound, Ultrasound imaging}
}

@article{roshan2022robotic,
    title = {{Robotic Ultrasonography for Autonomous Non-Invasive Diagnosis - A Systematic Literature Review}},
    year = {2022},
    journal = {IEEE Transactions on Medical Robotics and Bionics},
    author = {Roshan, Mariadas Capsran and Pranata, Adrian and Isaksson, Mats},
    number = {4},
    month = {11},
    pages = {863--874},
    volume = {4},
    publisher = {Institute of Electrical and Electronics Engineers Inc.},
    doi = {10.1109/TMRB.2022.3201651},
    issn = {25763202},
    keywords = {Autonomous ultrasonography, medical robotics, non-invasive diagnosis, robotic ultrasound, ultrasound automation}
}

@article{jiang2023robotic,
    title = {{Robotic ultrasound imaging: State-of-the-art and future perspectives}},
    year = {2023},
    journal = {Medical Image Analysis},
    author = {Jiang, Zhongliang and Salcudean, Septimiu E. and Navab, Nassir},
    month = {10},
    pages = {102878},
    volume = {89},
    publisher = {Elsevier},
    url = {https://linkinghub.elsevier.com/retrieve/pii/S136184152300138X},
    doi = {10.1016/J.MEDIA.2023.102878},
    issn = {1361-8415}
}

@article{akbari2021robotic,
    title = {{Robotic Ultrasound Scanning With Real-Time Image-Based Force Adjustment: Quick Response for Enabling Physical Distancing During the COVID-19 Pandemic}},
    year = {2021},
    journal = {Frontiers in Robotics and AI},
    author = {Akbari, Mojtaba and Carriere, Jay and Meyer, Tyler and Sloboda, Ron and Husain, Siraj and Usmani, Nawaid and Tavakoli, Mahdi},
    month = {3},
    pages = {645424},
    volume = {8},
    publisher = {Frontiers Media S.A.},
    doi = {10.3389/FROBT.2021.645424/BIBTEX},
    issn = {22969144},
    keywords = {artificial intelligence, medical image quality assessment, medical robotic, robotics for COVID-19, ultrasound scanning}
}

@article{taylor2022surgical,
    title = {{Surgical Robotics and Computer-Integrated Interventional Medicine [Scanning the Issue]}},
    year = {2022},
    journal = {Proceedings of the IEEE},
    author = {Taylor, Russell H. and Simaan, Nabil and Menciassi, Arianna and Yang, Guang Zhong},
    number = {7},
    month = {7},
    pages = {823--834},
    volume = {110},
    publisher = {Institute of Electrical and Electronics Engineers Inc.},
    doi = {10.1109/JPROC.2022.3177693},
    issn = {15582256}
}

@article{condino2016tactile,
    title = {{Tactile augmented reality for arteries palpation in open surgery training}},
    year = {2016},
    journal = {Lecture Notes in Computer Science (including subseries Lecture Notes in Artificial Intelligence and Lecture Notes in Bioinformatics)},
    author = {Condino, Sara and Viglialoro, Rosanna Maria and Fani, Simone and Bianchi, Matteo and Morelli, Luca and Ferrari, Mauro and Bicchi, Antonio and Ferrari, Vincenzo},
    pages = {186--197},
    volume = {9805 LNCS},
    publisher = {Springer Verlag},
    url = {https://link.springer.com/chapter/10.1007/978-3-319-43775-0_17},
    isbn = {9783319437743},
    doi = {10.1007/978-3-319-43775-0{\_}17/COVER},
    issn = {16113349}
}

@article{hennersperger2017towards,
    title = {{Towards MRI-Based Autonomous Robotic US Acquisitions: A First Feasibility Study}},
    year = {2017},
    journal = {IEEE Transactions on Medical Imaging},
    author = {Hennersperger, Christoph and Fuerst, Bernhard and Virga, Salvatore and Zettinig, Oliver and Frisch, Benjamin and Neff, Thomas and Navab, Nassir},
    number = {2},
    month = {2},
    pages = {538--548},
    volume = {36},
    publisher = {Institute of Electrical and Electronics Engineers Inc.},
    doi = {10.1109/TMI.2016.2620723},
    issn = {1558254X},
    pmid = {27831861},
    arxivId = {1607.08371},
    keywords = {Automatic imaging, image-guidance, medical robotics, multi-modal registration, robotic ultrasound, ultrasonic imaging}
}

@article{karamalis2012ultrasound,
    title = {{Ultrasound confidence maps using random walks}},
    year = {2012},
    journal = {Medical Image Analysis},
    author = {Karamalis, Athanasios and Wein, Wolfgang and Klein, Tassilo and Navab, Nassir},
    number = {6},
    month = {8},
    pages = {1101--1112},
    volume = {16},
    publisher = {Elsevier},
    doi = {10.1016/J.MEDIA.2012.07.005},
    issn = {1361-8415},
    pmid = {22906822},
    keywords = {Confidence, Random walks, Transmission, Ultrasound}
}

@article{coffin2014work,
    title = {{Work-related musculoskeletal disorders in sonographers: A review of causes and types of injury and best practices for reducing injury risk}},
    year = {2014},
    journal = {Reports in Medical Imaging},
    author = {Coffin, Carolyn T.},
    number = {1},
    pages = {15--26},
    volume = {7},
    publisher = {Dove Medical Press},
    url = {http://dx.doi.org/10.2147/RMI.S34724},
    doi = {10.2147/RMI.S34724},
    issn = {11791586},
    keywords = {Bedside studies, Best practices, Ergonomics, Sonography, WRMSD, Work-related musculoskeletal disorders, Workstation}
}

@inproceedings{Chalasani2016ConcurrentPalpation,
    title = {{Concurrent nonparametric estimation of organ geometry and tissue stiffness using continuous adaptive palpation}},
    year = {2016},
    booktitle = {Proceedings - IEEE International Conference on Robotics and Automation},
    author = {Chalasani, Preetham and Wang, Long and Roy, Rajarshi and Simaan, Nabil and Taylor, Russell H. and Kobilarov, Marin},
    volume = {2016-June},
    doi = {10.1109/ICRA.2016.7487609},
    issn = {10504729}
}

@misc{Seeger2004GaussianLearning.,
    title = {{Gaussian processes for machine learning.}},
    year = {2004},
    booktitle = {International journal of neural systems},
    author = {Seeger, Matthias},
    number = {2},
    volume = {14},
    doi = {10.1142/S0129065704001899},
    issn = {01290657}
}

@inproceedings{Ayvali2016UsingMapping,
    title = {{Using Bayesian optimization to guide probing of a flexible environment for simultaneous registration and stiffness mapping}},
    year = {2016},
    booktitle = {Proceedings - IEEE International Conference on Robotics and Automation},
    author = {Ayvali, Elif and Srivatsan, Rangaprasad Arun and Wang, Long and Roy, Rajarshi and Simaan, Nabil and Choset, Howie},
    volume = {2016-June},
    doi = {10.1109/ICRA.2016.7487225},
    issn = {10504729}
}
@misc{su2024fully,
	title = {A fully autonomous robotic ultrasound system for thyroid scanning {\textbar} {Nature} {Communications}},
	url = {https://www.nature.com/articles/s41467-024-48421-y},
	urldate = {2024-09-05},
	file = {A fully autonomous robotic ultrasound system for thyroid scanning | Nature Communications},
}

@misc{lichtenstein2008blue,
	title = {The {Use} of {Virtual} {Fixtures} as {Perceptual} {Overlays} to {Enhance} {Operator} {Performance} in {Remote} {Environments}.},
	url = {https://apps.dtic.mil/sti/citations/ADA292450},
	urldate = {2024-08-26},
	file = {The Use of Virtual Fixtures as Perceptual Overlays to Enhance Operator Performance in Remote Environments.:/home/hydran00/Zotero/storage/4GBDKEQG/ADA292450.html:text/html},
}
