@article{SMPL:2015,
      author = {Loper, Matthew and Mahmood, Naureen and Romero, Javier and Pons-Moll, Gerard and Black, Michael J.},
      title = {{SMPL}: A Skinned Multi-Person Linear Model},
      journal = {ACM Trans. Graphics (Proc. SIGGRAPH Asia)},
      month = oct,
      number = {6},
      pages = {248:1--248:16},
      publisher = {ACM},
      volume = {34},
      year = {2015}
}
@inproceedings{SMPL-X:2019,
  title = {Expressive Body Capture: {3D} Hands, Face, and Body from a Single Image},
  author = {Pavlakos, Georgios and Choutas, Vasileios and Ghorbani, Nima and Bolkart, Timo and Osman, Ahmed A. A. and Tzionas, Dimitrios and Black, Michael J.},
  booktitle = {Proceedings IEEE Conf. on Computer Vision and Pattern Recognition (CVPR)},
  pages     = {10975--10985},
  year = {2019}
}
@article{MANO:SIGGRAPHASIA:2017,
      title = {Embodied Hands: Modeling and Capturing Hands and Bodies Together},
      author = {Romero, Javier and Tzionas, Dimitrios and Black, Michael J.},
      journal = {ACM Transactions on Graphics, (Proc. SIGGRAPH Asia)},
      volume = {36},
      number = {6},
      series = {245:1--245:17},
      month = nov,
      year = {2017},
      month_numeric = {11}
  }

@misc{zed_body_tracking,
	title = {Body {Tracking} {Overview} - {Stereolabs}},
	url = {https://www.stereolabs.com/docs/body-tracking},
	abstract = {The body tracking module focuses on a person’s bones detection and tracking. A detected bone is represented by its two endpoints also called keypoints. The ZED camera can provide 2D and 3D information …},
	language = {en-us},
	urldate = {2024-08-12},
}
@inproceedings{keller2023skel,
  title = {From Skin to Skeleton: Towards Biomechanically Accurate 3D Digital Humans},
  author = {Keller, Marilyn and Werling, Keenon and Shin, Soyong and Delp, Scott and Pujades, Sergi 
            and Liu, C. Karen and Black, Michael J.},
  booktitle = {ACM ToG, Proc.~SIGGRAPH Asia},
  month = dec,
  year = {2023},
  volume = {42},
  number = {6}, 
}